@inproceedings{kaj86,
	Address = {New York, NY, USA},
	Author = {Kajiya, James T.},
	Booktitle = {Proceedings of the 13th Annual Conference on Computer Graphics and Interactive Techniques},
	Isbn = {0-89791-196-2},
	Numpages = {8},
	Pages = {143--150},
	Publisher = {ACM},
	Series = {SIGGRAPH '86},
	Title = {The Rendering Equation},
	Year = {1986}
}
