@Report{education1918,
	Title                    = {Education Act 1918},
	Author                   = {{UK Public General Acts}},
	Date                     = {1918-08-08},
	Institution              = {The Department of Education},
	Type                     = {Goverment Legislation},
	Year                     = {1918},
	Location                 = {London, England},
	
}

@Report{education1988,
	Title                    = {Education Act 1988},
	Author                   = {{UK Public General Acts}},
	Date                     = {1988-08-08},
	Institution              = {The Department of Education},
	Type                     = {Goverment Legislation},
	Year                     = {1988},
	Location                 = {London, England},
	
}

@article{black2001feedback,
	title={Feedback in questioning and marking: The science teacher's role in formative assessment},
	author={Black, Paul and Harrison, Christine},
	journal={School science review},
	volume={82},
	number={301},
	pages={55--61},
	year={2001},
	publisher={Association for Science Education}
}

@book{wellington2007secondary,
	title={Secondary education: The key concepts},
	author={Wellington, Jerry},
	year={2007},
	publisher={Routledge}
}

@book{dillon2011becoming,
	title={Becoming a teacher: Issues in secondary education},
	author={Dillon, Justin and Maguire, Meg},
	year={2011},
	publisher={McGraw-Hill Education (UK)}
}

@book{hutchison1994reliable,
	title={How reliable is National Curriculum assessment?},
	author={Hutchison, Dougal and Schagen, IP},
	year={1994},
	publisher={NFER}
}

@misc{black1998inside,
	title={Inside the black box: Raising standards through classroom assessment. Phi Delta Kappam},
	author={Black, P and William, D},
	year={1998},
	publisher={October}
}

@article{william1990national,
	title={National Curriculum assessment arrangements},
	author={William, D},
	journal={British Journal for Curriculum and Assessment},
	volume={1},
	pages={8--12},
	year={1990}
}

@book{torrance1998investigating,
	title={Investigating formative assessment: Teaching, learning and assessment in the classroom},
	author={Torrance, Harry and Pryor, John},
	year={1998},
	publisher={McGraw-Hill Education (UK)}
}

@online{bbc_no_tests,
	Author = {{BBC News}},
	Title = {Primary school tests toned down},
	Url = {http://news.bbc.co.uk/1/hi/education/3656244.stm},
	Year = {2004}
	Notes = {Accessed online [28/07/21]}
}

@online{bbc_tests_scrapped,
	Author = {{BBC News}},
	Title = {Tests scrapped for 14-year-olds},
	Url = {http://news.bbc.co.uk/1/hi/education/7669254.stm},
	Year = {2008}
	Notes = {Accessed online [06/08/21]}
}

@online{ass_without_lvls,
	Author = {{Department for Education}},
	Title = {Assessing without levels},
	Url = {https://webarchive.nationalarchives.gov.uk/ukgwa/20130802141012/https://www.education.gov.uk/schools/teachingandlearning/curriculum/nationalcurriculum2014/a00225864/assessing-without-levels},
	Year = {2013}
	Notes = {Accessed online [06/08/21]}
}

@online{oecd,
	Author = {{OECD}},
	Title = {Formative Assessment: Improving Learning in Secondary Classrooms},
	Url = {https://www.oecd.org/education/ceri/35661078.pdf},
	Year = {2005}
	Notes = {Accessed online [10/08/21]}
}

@article{thurstone1927psychophysical,
	title={Psychophysical analysis},
	author={Thurstone, Louis L},
	journal={The American journal of psychology},
	volume={38},
	number={3},
	pages={368--389},
	year={1927},
	publisher={JSTOR}
}

@article{thurstone1927law,
	title={A law of comparative judgment.},
	author={Thurstone, Louis Leon},
	journal={Psychological review},
	volume={34},
	number={4},
	pages={273},
	year={1927},
	publisher={Psychological Review Company}
}

@article{pollitt2009abolishing,
	title={Abolishing marksism and rescuing validity},
	author={Pollitt, Alastair},
	journal={International Association for Educational Assessment, Brisbane, Australia. http://www. iaea. info/documents/paper\_4d527d4e. pdf},
	year={2009}
}

@article{pollitt1996raters,
	title={What raters really pay attention to},
	author={Pollitt, Alastair and Murray, Neil L},
	journal={Studies in language testing},
	volume={3},
	pages={74--91},
	year={1996}
}

@misc{newton2007paired,
	title={Paired Comparison Methods},
	author={Newton, Paul and Baird, Jo-Anne and Harvey Goldstein, Helen Patrick and Tymms, Peter},
	year={2007},
	publisher={Eds}
}

@article{andrich1978rating,
	title={A rating formulation for ordered response categories},
	author={Andrich, David},
	journal={Psychometrika},
	volume={43},
	number={4},
	pages={561--573},
	year={1978},
	publisher={Springer}
}

@article{stop_marking_pollitt,
	author = {Pollitt, Alastair},
	year = {2004},
	month = {01},
	pages = {},
	title = {Let's stop marking exams}
}

@online{django,
	Author = {{Django}},
	Title = {Meet Django},
	Url = {https://www.djangoproject.com/},
	Year = {2021}
	Notes = {Accessed online [08/07/21]}
}


@book{grinberg2018flask,
	title={Flask web development: developing web applications with python},
	author={Grinberg, Miguel},
	year={2018},
	publisher={" O'Reilly Media, Inc."}
}

@online{whittle15_dragons,
	Author = {Whittle, Joss},
	Title = {Path Traced Glass Dragons},
	Year = {2015}}

@online{sizeofinternet,
	Author = {{Internet Live Stats}},
	Url = {https://www.internetlivestats.com},
	Year = {2020}}

@online{gwern,
	Author = {Branwen, Gwern},
	Title = {Internet Search Tips},
	Url = {https://www.gwern.net/Search},
	Year = {2020}}

@online{texnique,
	Author = {Ravikumar, Akshay},
	Title = {TeXnique},
	Url = {https://texnique.xyz},
	Year = {2019}}

@online{texstackexchange,
	Author = {{Stack Overflow}},
	Title = {TeX StackExchange},
	Url = {https://tex.stackexchange.com},
	Year = {2008}}

@online{overleafdocs,
	Author = {{Overleaf}},
	Title = {Overleaf Documentation},
	Url = {https://www.overleaf.com/learn},
	Year = {2020}}

@online{mendeley,
	Author = {{RELX Group}},
	Title = {Mendeley},
	Url = {https://www.mendeley.com},
	Year = {2019}}

@online{arxiv,
	Author = {{Cornell University}},
	Title = {arXiv},
	Url = {https://arxiv.org},
	Year = {1991}}

@online{paperswithcode,
	Author = {{Atlas ML}},
	Title = {Papers With Code},
	Url = {https://paperswithcode.com},
	Year = {2020}}

@online{highlighter,
	Author = {Nurik, Roman},
	Title = {Slides Code Highlighter},
	Url = {https://romannurik.github.io/SlidesCodeHighlighter},
	Year = {2017}}

@inproceedings{kaj86,
	Acmid = {15902},
	Address = {New York, NY, USA},
	Author = {Kajiya, James T.},
	Booktitle = {Proceedings of the 13th Annual Conference on Computer Graphics and Interactive Techniques},
	Isbn = {0-89791-196-2},
	Numpages = {8},
	Pages = {143--150},
	Publisher = {ACM},
	Series = {SIGGRAPH '86},
	Title = {The Rendering Equation},
	Year = {1986}}
